@online{wikipedia-13,
	author = {Wikipedia},
	title = {Arduino Uno R3},
	date = {21th January 2013},
	url = {https://commons.wikimedia.org/wiki/File:Arduino_Uno\_-\_R3.jpg},
	year = 2013,
	urldate = {2013-01-21},
	note = {Accessed: 2015-10-18}
}


@online{kalif-15-a,
	author = {Will Kalif},
	title = {Make a Phenakistoscope},
	url = {https://www.youtube.com/watch?v=tQVdTXEo2qM},
	year = 2015,
	urldate = {2015-10-18},
	note = {Accessed: 2015-10-18}
}

@online{kalif-15-b,
	author = {Will Kalif},
	title = {Make a Phenakistoscope},
	url = {http://www.stormthecastle.com/stop-motion-animation/how-to-make-a-phenakistoscope.htm},
	year = 2015,
	urldate = {2015-10-18},
	note = {Accessed: 2015-10-18}
}

@online{arduino-15-a,
	author = {Arduino},
	title = {What is Arduino?},
	url = {https://www.arduino.cc/en/Guide/Introduction},
	year = 2015,
	urldate = {2015-10-18},
	note = {Accessed: 2015-10-18}
}

@online{arduino-15-b,
	author = {Arduino},
	title = {Variables},
	url = {https://www.arduino.cc/en/Reference/VariableDeclaration},
	year = 2015,
	urldate = {2015-10-18},
	note = {Accessed: 2015-10-18}
}

@online{arduino-15-c,
	author = {Arduino},
	title = {setup()},
	url = {https://www.arduino.cc/en/Reference/Setup},
	year = 2015,
	urldate = {2015-10-18},
	note = {Accessed: 2015-10-18}
}

@online{arduino-15-d,
	author = {Arduino},
	title = {loop()},
	url = {https://www.arduino.cc/en/Reference/Loop},
	year = 2015,
	urldate = {2015-10-18},
	note = {Accessed: 2015-10-18}
}

@online{et-15,
	author = {ElectronicsTutorials},
	title = {Relationship Between Voltage, Current and Resistance},
	url = {http://www.electronics-tutorials.ws/dccircuits/dcp_1.html},
	year = {2015},
	urldate = {2015-10-18},
	note = {Accessed: 2015-10-18}
}

@online{et-14,
	author = {ElectronicsTutorials},
	title = {Resistors in Series},
	url = {http://www.electronics-tutorials.ws/resistor/res_3.html},
	year = {2014},
	urldate = {2014-07-17},
	note = {Accessed: 2015-10-18}
}

@online{lindblom-15,
	author = {Jim Lindblom},
	title = {Analog vs. Digital},
	year = 2015,
	url = {https://learn.sparkfun.com/tutorials/analog-vs-digital},
	urldate = {2015-10-18},
	note = {Accessed: 2015-10-18}
}

@online{fritzing-15,
	author = {Fritzing},
	title = {Fritzing - Electronics Made Easy},
	year = 2015,
	url = {http://fritzing.org/home/},
	urldate = {2015-10-23},
	note = {Accessed: 2015-10-23}
}

@online{pepi-11,
	author = {Lorelei Pepi},
	title = {LED Strobe Animation Device},
	year = 2011,
	url = {https://vimeo.com/16211649},
	urldate = {2011-10-23},
	note = {Accessed: 2015-10-23}
}

@online{culkin-11,
	author = {Jody Culkin},
	title = {Arduino},
	year = 2011,
	url = {http://www.jodyculkin.com/wp-content/uploads/2011/09/arduino-comic-latest3.pdf},
	urldate = {2011-09-23},
	note = {Accessed: 2015-10-24}
}

@online{fried-12,
	author = {Limor Fried},
	title = {Arduino},
	year = 2012,
	url = {http://www.ladyada.net/learn/arduino/},
	urldate = {2012-04-27},
	note = {Accessed: 2015-10-24}
}

@online{dfrobot-15a,
	author = {DFRobot},
	title = {Arduino},
	year = 2015,
	url = {http://www.dfrobot.com/wiki/index.php/DFPlayer_Mini_SKU:DFR0299},
	urldate = {2015-09-25},
	note = {Accessed: 2015-10-25}
}

@online{dfrobot-15b,
	author = {DFRobot},
	title = {DFPlayer Library},
	year = 2015,
	url = {https://github.com/Arduinolibrary/DFRobot_Mini_Player/raw/master/DFPlayer_Mini_mp3.zip},
	urldate = {2015-09-25},
	note = {Accessed: 2015-10-25}
}

@online{sapkota-10,
	author = {Sagar Sapkota},
	title = {Building a circuit on a breadboard},
	year = 2010,
	url = {http://www.buildcircuit.com/building-a-circuit-on-breadboard/},
	urldate = {2010-11-08},
	note = {Accessed: 2016-02-10}
}

@online{digikey-16,
	author = {Digikey},
	title = {4 Band Resistor Color Code Calculator},
	year = 2016,
	url = {http://www.digikey.ie/en/resources/conversion-calculators/conversion-calculator-resistor-color-code-4-band},
	urldate = {2016-02-11},
	note = {Accessed: 2016-02-11}
}